<?xml version="1.0" encoding="UTF-8"?><collection xmlns="http://www.loc.gov/MARC21/slim"><record><leader>00482nam--2200169-i-4500</leader><controlfield tag="001">000034055</controlfield><controlfield tag="002">20161230</controlfield><controlfield tag="005">20161230201039</controlfield><controlfield tag="008">060222s1000------------r-----000-0-eng-d</controlfield><datafield ind1=" " ind2=" " tag="040"><subfield code="a">IFIN-HH</subfield></datafield><datafield ind1=" " ind2=" " tag="080"><subfield code="a">53.06:620.91</subfield></datafield><datafield ind1="1" ind2=" " tag="100"><subfield code="a">Mulligan, Joseph F</subfield></datafield><datafield ind1="1" ind2="0" tag="245"><subfield code="a">Practical physics the production and conservation of energy</subfield><subfield code="c">Joseph f. mulligan</subfield></datafield><datafield ind1=" " ind2=" " tag="260"><subfield code="a">New York</subfield><subfield code="b">Mcgraw-hill Book Company</subfield><subfield code="c">1980</subfield></datafield><datafield ind1=" " ind2=" " tag="300"><subfield code="a">XVII + 526P</subfield></datafield><datafield ind1=" " ind2=" " tag="852"><subfield code="a">48880</subfield><subfield code="c">53</subfield></datafield><datafield ind1=" " ind2=" " tag="CAT"><subfield code="a">Sys</subfield><subfield code="c">20150327</subfield><subfield code="h">124446</subfield></datafield></record></collection>